% !TeX root = ../main.tex

@article{widrow1975adaptive,
  title={Adaptive noise cancelling: Principles and applications},
  author={Widrow, Bernard and Glover, John R and McCool, John M and Kaunitz, John and Williams, Charles S and Hearn, Robert H and Zeidler, James R and Dong, JR Eugene and Goodlin, Robert C},
  journal={Proceedings of the IEEE},
  volume={63},
  number={12},
  pages={1692--1716},
  year={1975},
  publisher={IEEE}
}